    @article{DesktopApplicationDevelopment,
        key = "DesktopApplicationDevelopment",
        author = "Paresh Kapuriya",
        publisher = "Codz Garage",
        title = "Desktop Application Development: A Complete Guide",
        year = "2023",
        timestamp= "2024.20.3s",
        url = "https://www.codzgarage.com/blog/desktop-app-development-guide/",
        note = "[Last edited: 4/15/2024]"
    }

    @article{WhatIsADesktopApp,
        key = "WhatIsADesktopApp",
        author = "V2 Cloud",
        publisher = "V2 Cloud",
        title = "What is a Desktop App?",
        year = "2024",
        timestamp= "2024.1.4",
        url = "https://v2cloud.com/glossary/what-is-a-desktop-app/",
        note = "[Accessed on: 1/4/2024]"
    }

    @article{DesktopMobileAppTrends2023,
        key = "DesktopMobileAppTrends2023",
        author = "Laura Grant",
        publisher = "Qt",
        title = "Desktop and Mobile Application Development Trends in 2023",
        year = "2023",
        timestamp= "2024.1.4",
        url = "https://www.qt.io/blog/desktop-mobile-application-development-trends-in-2023",
        note = "[Accessed on: 1/4/2024]"
    }

    @article{CrossPlatformFrameworks,
        key = "CrossPlatformFrameworks",
        author = "Scythe Studio",
        publisher = "Scythe Studio",
        title = "4 Best Frameworks for Cross-Platform Desktop App Development",
        year = "2022",
        timestamp= "2024.1.4",
        url = "https://scythe-studio.com/en/blog/4-best-frameworks-for-cross-platform-desktop-app-development",
        note = "[Accessed on: 1/4/2024]"
    }

    @article{CrossPlatformFrameworksTrends,
        key = "CrossPlatformFrameworksTrends",
        author = "Michael Georgiou",
        publisher = "Imaginovation",
        title = "Cross-Platform App Development: Popular Frameworks and Trends",
        year = "2024",
        timestamp= "2024.10.4",
        url = "https://imaginovation.net/blog/cross-platform-app-development-popular-frameworks-and-trends",
        note = "[Accessed on: 10/4/2024]"
    }

    @article{ElectronProcessModel,
        key = "ElectronProcessModel",
        author = "OpenJS Foundation",
        publisher = "Electron",
        title = "Process Model",
        year = "2023",
        timestamp= "2024.10.4",
        url = "https://www.electronjs.org/docs/latest/tutorial/process-model",
        note = "[Accessed on: 10/4/2024]"
    }

    @article{ElectronContextIsolation,
        key = "ElectronContextIsolation",
        author = "OpenJS Foundation",
        publisher = "Electron",
        title = "Context Isolation",
        year = "2023",
        timestamp= "2024.10.4",
        url = "https://www.electronjs.org/docs/latest/tutorial/context-isolation",
        note = "[Accessed on: 1/5/2024]"
    }

    @article{ElectronIPC,
        key = "ElectronIPC",
        author = "OpenJS Foundation",
        publisher = "Electron",
        title = "Inter-Process Communication",
        year = "2023",
        timestamp= "2024.25.4",
        url = "https://www.electronjs.org/docs/latest/tutorial/ipc",
        note = "[Accessed on: 1/5/2024]"
    }

    @article{TauriArchitecture,
        key = "TauriArchitecture",
        author = "Tauri Team",
        publisher = "Tauri",
        title = "Tauri Architecture",
        year = "2024",
        timestamp= "2024.25.4",
        url = "https://tauri.app/v1/references/architecture/",
        note = "[Last updated: 8/1/2024]"
    }

    @article{QtIntro,
        key = "QtIntro",
        author = "Qt Company",
        publisher = "Qt",
        title = "Introduction to Qt",
        year = "2024",
        timestamp= "2024.1.5",
        url = "https://doc.qt.io/qt-6/qt-intro.html",
        note = "[Accessed on: 1/5/2024]"
    }

    @article{WhatIsCrossPlatformSoftware,
        key = "WhatIsCrossPlatformSoftware",
        author = "Juanma Roca",
        publisher = "Triangle",
        title = "What is Cross Platform Software?",
        year = "2022",
        timestamp= "2024.1.5",
        url = "https://www.triangle.es/en/what-is-cross-platform-software/",
        note = "[Accessed on: 1/5/2024]"
    }

    @article{Nikkhah2023,
        author = "Emil Nikkhah",
        howpublished = "online",
        title = "Subtitles file formats: The most used and when to choose each one",
        year = "2023",
        url = "https://scriptme.io/subtitle-file-formats/",
        urldate = "2023-05-03",
        note = "Accessed: May 3, 2023"
    }

    @misc{WikiVideoFormat,
        author = "Wikipedia contributors",
        title = "Video file format",
        publisher = "Wikipedia, The Free Encyclopedia",
        year = "2024",
        note = "Date of last revision: 10 May 2024 19:28 UTC. Accessed: May 16, 2024. Date retrieved: 16 May 2024 06:08 UTC",
        url = "https://en.wikipedia.org/w/index.php?title=Video_file_format&oldid=1223237686",
        howpublished = "online",
        urldate = "2024-05-16"
    }


    @article{AdobeVideoFormats,
        author = "Adobe",
        title = "Choosing the Best Video Format",
        year = "2024",
        howpublished = "online",
        url = "https://www.adobe.com/creativecloud/video/discover/best-video-format.html",
        urldate = "2024-04-30",
        note = "Accessed: April 30, 2024"
    }

    @misc{WikiAudioFormat,
        author = "Wikipedia contributors",
        title = "Audio file format",
        publisher = "Wikipedia, The Free Encyclopedia",
        year = "2024",
        note = "Date of last revision: 15 May 2024 09:02 UTC. Accessed: April 30, 2024. Date retrieved: 16 May 2024 06:07 UTC",
        url = "https://en.wikipedia.org/w/index.php?title=Audio_file_format&oldid=1223942973",
        howpublished = "online",
        urldate = "2024-04-30"
    }
    
    @article{AdobeAudioFormats,
        author = "Adobe",
        title = "Choosing the Best Audio Format",
        year = "2024",
        howpublished = "online",
        url = "https://www.adobe.com/creativecloud/video/discover/best-audio-format.html",
        urldate = "2024-04-30",
        note = "Accessed: April 30, 2024"
    }

    @misc{TechTermsWaveform,
        author = "{TechTerms}",
        title = "Waveform Definition",
        howpublished = "online",
        year = "2015",
        url = "https://techterms.com/definition/waveform",
        urldate = "2015-12-09",
        note = "Retrieved: December 9, 2015"
    }
    
    @misc{WaveSurferJS,
        author = "WaveSurfer.js",
        title = "WaveSurfer.js - Interactive navigable audio visualization using Web Audio and Canvas",
        howpublished = "online",
        url = "https://wavesurfer-js.org/",
        note = "Accessed: April 30, 2024"
    }

    @inbook{OppenheimWillsky1996,
        author = "A. V. Oppenheim and A. S. Willsky",
        title = "Continuous-time and Discrete-time Signals",
        booktitle = "Signals and Systems",
        editor = "M. Horton",
        edition = "2",
        publisher = "Pearson",
        address = "Upper Saddle River, NJ",
        month = "aug",
        year = "1996",
        chapter = "1.1",
        isbn = "0-13-814757-4"
    }

    @book{Oppenheim1998,
        author = "A. V. Oppenheim and R. W. Schafer",
        title = "Discrete-time Signal Processing",
        publisher = "Pearson",
        address = "Upper Saddle River, NJ",
        year = "1998",
        edition = "2",
        month = "dec",
        isbn = "0-13-754920-2"
    }

    @article{Nunes2021AnomalousSound,
        author = "Eduardo Carvalho Nunes",
        title = "Anomalous Sound Detection with Machine Learning: A Systematic Review",
        journal = "ar5iv",
        year = "2021",
        url = "https://ar5iv.labs.arxiv.org/html/2102.07820",
        urldate = "2024-05-01",
        note = "Accessed: May 1, 2024"
    }

    @article{Kabari2019,
        author = "Ledisi G. Kabari and Marcus B. Chigoziri",
        title = "Speech Recognition Using MATLAB and Cross-Correlation Technique",
        journal = "European Journal of Engineering Research and Science",
        volume = "4",
        number = "8",
        pages = "1--3",
        year = "2019",
        doi = "10.24018/ejeng.2019.4.8.1437"
    }

    @article{Lahreche2021,
        author = "A. Lahreche and B. Boucheham",
        title = "A Comparison Study of Dynamic Time Warpingâ€™s Variants for Time Series Classification",
        journal = "International Journal of Informatics and Applied Mathematics",
        volume = "4",
        number = "1",
        pages = "56--71",
        year = "2021",
        doi = "10.24018/ejeng.2019.4.8.1437"
    }

    @article{Singh2014MFCC,
        author = "Parwinder Pal Singh and P. R.",
        title = "An Approach to Extract Feature using MFCC",
        journal = "IOSR Journal of Engineering",
        publisher = "IOSR Journals",
        year = "2014",
        month = "august",
        volume = "4",
        number = "8",
        pages = "21--25",
        doi = "10.9790/3021-04812125",
        url = "https://doi.org/10.9790/3021-04812125"
    }

    @inproceedings{Bulterman2007DocEng,
        author = "C. A. Bulterman, D. and Jansen, J. and Cesar, P. and Cruz Lara, S.",
        title = "An Efficient, Streamable Text Format for Multimedia Captions and Subtitles",
        booktitle = "ACM Symposium on Document Engineering - DocEng 2007",
        location = "Winnipeg, Canada",
        year = "2007",
        month = "August",
        publisher = "[b.n.]",
        url = "https://inria.hal.science/inria-00192467"
    }

    @book{Muller2007MusicMotion,
        author = "M{\"u}ller, M.",
        title = "Information Retrieval for Music and Motion",
        edition = "1",
        publisher = "Springer",
        year = "2007",
        pages = "69--84",
        isbn = "978-3-540-74048-3"
    }
    
    @misc{Ozer2021VideoCodecs,
        author = "Jan Ozer",
        title = "Video Codecs in 2021 and Beyond",
        howpublished = "Streaming Learning Center Webinar",
        year = "2021",
        url = "https://streaminglearningcenter.com/learning/webinar-video-codecs-in-2021-and-beyond-with-jan-ozer.html",
        urldate = "2024-05-01",
        note = "Accessed: May 1, 2024"
    }


